@misc{baumannLectureNotesCosmology2017,
  type = {{{PDF}}},
  title = {Lecture Notes for {{Cosmology}}, {{Part}} 3 {{Mathematical Tripos}}},
  author = {Baumann, Daniel},
  year = {2017},
  journal = {University of Cambridge},
  url = {https://cmb.wintherscoming.no/pdfs/baumann.pdf},
  urldate = {2025-03-17},
  langid = {english},
  note = {(accessed 2025-03-17)},
  howpublished = {\url{https://cmb.wintherscoming.no/pdfs/baumann.pdf}}
}

@article{bennettNineYearWilkinsonMicrowave2013,
  title = {Nine-{{Year Wilkinson Microwave Anisotropy Probe}} ({{WMAP}}) {{Observations}}: {{Final Maps}} and {{Results}}},
  shorttitle = {Nine-{{Year Wilkinson Microwave Anisotropy Probe}} ({{WMAP}}) {{Observations}}},
  author = {Bennett, C. L. and Larson, D. and Weiland, J. L. and Jarosik, N. and Hinshaw, G. and Odegard, N. and Smith, K. M. and Hill, R. S. and Gold, B. and Halpern, M. and Komatsu, E. and Nolta, M. R. and Page, L. and Spergel, D. N. and Wollack, E. and Dunkley, J. and Kogut, A. and Limon, M. and Meyer, S. S. and Tucker, G. S. and Wright, E. L.},
  year = {2013},
  month = sep,
  journal = {ApJS},
  volume = {208},
  number = {2},
  eprint = {1212.5225},
  primaryclass = {astro-ph},
  pages = {20},
  issn = {0067-0049, 1538-4365},
  doi = {10.1088/0067-0049/208/2/20},
  url = {http://arxiv.org/abs/1212.5225},
  urldate = {2025-03-25},
  archiveprefix = {arXiv},
  keywords = {Astrophysics - Cosmology and Nongalactic Astrophysics}
}
% == BibTeX quality report for bennettNineYearWilkinsonMicrowave2013:
% ? Title looks like it was stored in title-case in Zotero
% ? unused Publication title ("The Astrophysical Journal Supplement Series")

@article{betouleImprovedCosmologicalConstraints2014,
  title = {Improved Cosmological Constraints from a Joint Analysis of the {{SDSS-II}} and {{SNLS}} Supernova Samples},
  author = {Betoule, M. and Kessler, R. and Guy, J. and Mosher, J. and Hardin, D. and Biswas, R. and Astier, P. and {El-Hage}, P. and Konig, M. and Kuhlmann, S. and Marriner, J. and Pain, R. and Regnault, N. and Balland, C. and Bassett, B. A. and Brown, P. J. and Campbell, H. and Carlberg, R. G. and {Cellier-Holzem}, F. and Cinabro, D. and Conley, A. and D'Andrea, C. B. and DePoy, D. L. and Doi, M. and Ellis, R. S. and Fabbro, S. and Filippenko, A. V. and Foley, R. J. and Frieman, J. A. and Fouchez, D. and Galbany, L. and Goobar, A. and Gupta, R. R. and Hill, G. J. and Hlozek, R. and Hogan, C. J. and Hook, I. M. and Howell, D. A. and Jha, S. W. and Guillou, L. Le and Leloudas, G. and Lidman, C. and Marshall, J. L. and M{\"o}ller, A. and Mour{\~a}o, A. M. and Neveu, J. and Nichol, R. and Olmstead, M. D. and {Palanque-Delabrouille}, N. and Perlmutter, S. and Prieto, J. L. and Pritchet, C. J. and Richmond, M. and Riess, A. G. and {Ruhlmann-Kleider}, V. and Sako, M. and Schahmaneche, K. and Schneider, D. P. and Smith, M. and Sollerman, J. and Sullivan, M. and Walton, N. A. and Wheeler, C. J.},
  year = {2014},
  month = aug,
  journal = {A\&A},
  volume = {568},
  eprint = {1401.4064},
  primaryclass = {astro-ph},
  pages = {A22},
  issn = {0004-6361, 1432-0746},
  doi = {10.1051/0004-6361/201423413},
  url = {http://arxiv.org/abs/1401.4064},
  urldate = {2025-03-18},
  archiveprefix = {arXiv},
  keywords = {Astrophysics - Cosmology and Nongalactic Astrophysics}
}
% == BibTeX quality report for betouleImprovedCosmologicalConstraints2014:
% ? unused Publication title ("Astronomy & Astrophysics")

@article{callinHowCalculateCMB2006,
  title = {How to Calculate the {{CMB}} Spectrum},
  author = {Callin, Petter},
  year = {2006},
  month = jun,
  number = {arXiv:astro-ph/0606683},
  eprint = {astro-ph/0606683},
  publisher = {arXiv},
  doi = {10.48550/arXiv.astro-ph/0606683},
  url = {http://arxiv.org/abs/astro-ph/0606683},
  urldate = {2025-03-17},
  archiveprefix = {arXiv},
  keywords = {Astrophysics}
}
% == BibTeX quality report for callinHowCalculateCMB2006:
% Missing required field 'journal'

@article{collaborationPlanck2018Results2020,
  title = {Planck 2018 Results. {{VI}}. {{Cosmological}} Parameters},
  author = {Collaboration, Planck and Aghanim, N. and Akrami, Y. and Ashdown, M. and Aumont, J. and Baccigalupi, C. and Ballardini, M. and Banday, A. J. and Barreiro, R. B. and Bartolo, N. and Basak, S. and Battye, R. and Benabed, K. and Bernard, J.-P. and Bersanelli, M. and Bielewicz, P. and Bock, J. J. and Bond, J. R. and Borrill, J. and Bouchet, F. R. and Boulanger, F. and Bucher, M. and Burigana, C. and Butler, R. C. and Calabrese, E. and Cardoso, J.-F. and Carron, J. and Challinor, A. and Chiang, H. C. and Chluba, J. and Colombo, L. P. L. and Combet, C. and Contreras, D. and Crill, B. P. and Cuttaia, F. and de Bernardis, P. and de Zotti, G. and Delabrouille, J. and Delouis, J.-M. and Valentino, E. Di and Diego, J. M. and Dor{\'e}, O. and Douspis, M. and Ducout, A. and Dupac, X. and Dusini, S. and Efstathiou, G. and Elsner, F. and En{\ss}lin, T. A. and Eriksen, H. K. and Fantaye, Y. and Farhang, M. and Fergusson, J. and {Fernandez-Cobos}, R. and Finelli, F. and Forastieri, F. and Frailis, M. and Fraisse, A. A. and Franceschi, E. and Frolov, A. and Galeotta, S. and Galli, S. and Ganga, K. and {G{\'e}nova-Santos}, R. T. and Gerbino, M. and Ghosh, T. and {Gonz{\'a}lez-Nuevo}, J. and G{\'o}rski, K. M. and Gratton, S. and Gruppuso, A. and Gudmundsson, J. E. and Hamann, J. and Handley, W. and Hansen, F. K. and Herranz, D. and Hildebrandt, S. R. and Hivon, E. and Huang, Z. and Jaffe, A. H. and Jones, W. C. and Karakci, A. and Keih{\"a}nen, E. and Keskitalo, R. and Kiiveri, K. and Kim, J. and Kisner, T. S. and Knox, L. and Krachmalnicoff, N. and Kunz, M. and {Kurki-Suonio}, H. and Lagache, G. and Lamarre, J.-M. and Lasenby, A. and Lattanzi, M. and Lawrence, C. R. and Jeune, M. Le and Lemos, P. and Lesgourgues, J. and Levrier, F. and Lewis, A. and Liguori, M. and Lilje, P. B. and Lilley, M. and Lindholm, V. and {L{\'o}pez-Caniego}, M. and Lubin, P. M. and Ma, Y.-Z. and {Mac{\'i}as-P{\'e}rez}, J. F. and Maggio, G. and Maino, D. and Mandolesi, N. and Mangilli, A. and {Marcos-Caballero}, A. and Maris, M. and Martin, P. G. and Martinelli, M. and {Mart{\'i}nez-Gonz{\'a}lez}, E. and Matarrese, S. and Mauri, N. and McEwen, J. D. and Meinhold, P. R. and Melchiorri, A. and Mennella, A. and Migliaccio, M. and Millea, M. and Mitra, S. and {Miville-Desch{\^e}nes}, M.-A. and Molinari, D. and Montier, L. and Morgante, G. and Moss, A. and Natoli, P. and {N{\o}rgaard-Nielsen}, H. U. and Pagano, L. and Paoletti, D. and Partridge, B. and Patanchon, G. and Peiris, H. V. and Perrotta, F. and Pettorino, V. and Piacentini, F. and Polastri, L. and Polenta, G. and Puget, J.-L. and Rachen, J. P. and Reinecke, M. and Remazeilles, M. and Renzi, A. and Rocha, G. and Rosset, C. and Roudier, G. and {Rubi{\~n}o-Mart{\'i}n}, J. A. and {Ruiz-Granados}, B. and Salvati, L. and Sandri, M. and Savelainen, M. and Scott, D. and Shellard, E. P. S. and Sirignano, C. and Sirri, G. and Spencer, L. D. and Sunyaev, R. and {Suur-Uski}, A.-S. and Tauber, J. A. and Tavagnacco, D. and Tenti, M. and Toffolatti, L. and Tomasi, M. and Trombetti, T. and Valenziano, L. and Valiviita, J. and Tent, B. Van and Vibert, L. and Vielva, P. and Villa, F. and Vittorio, N. and Wandelt, B. D. and Wehus, I. K. and White, M. and White, S. D. M. and Zacchei, A. and Zonca, A.},
  year = {2020},
  month = sep,
  journal = {A\&A},
  volume = {641},
  eprint = {1807.06209},
  primaryclass = {astro-ph},
  pages = {A6},
  issn = {0004-6361, 1432-0746},
  doi = {10.1051/0004-6361/201833910},
  url = {http://arxiv.org/abs/1807.06209},
  urldate = {2025-03-18},
  archiveprefix = {arXiv},
  keywords = {Astrophysics - Cosmology and Nongalactic Astrophysics}
}
% == BibTeX quality report for collaborationPlanck2018Results2020:
% ? unused Publication title ("Astronomy & Astrophysics")

@article{crotonDamnYouLittle2013,
  title = {Damn {{You}}, {{Little}} h! ({{Or}}, {{Real-World Applications}} of the {{Hubble Constant Using Observed}} and {{Simulated Data}})},
  author = {Croton, Darren J.},
  year = {2013},
  month = jan,
  journal = {Publ. Astron. Soc. Aust.},
  volume = {30},
  pages = {e052},
  issn = {1323-3580, 1448-6083},
  doi = {10.1017/pasa.2013.31},
  url = {https://www.cambridge.org/core/journals/publications-of-the-astronomical-society-of-australia/article/damn-you-little-h-or-real-world-applications-of-the-hubble-constant-using-observed-and-simulated-data/EB4B786F4500F897A589C3ED980C17F5},
  urldate = {2025-03-25},
  langid = {english},
  keywords = {cosmology - galaxies - methods: observational}
}
% == BibTeX quality report for crotonDamnYouLittle2013:
% ? Possibly abbreviated journal title Publ. Astron. Soc. Aust.
% ? Title looks like it was stored in title-case in Zotero
% ? unused Library catalog ("Cambridge University Press")
% ? unused Publication title ("Publications of the Astronomical Society of Australia")

@book{dodelsonModernCosmology2003,
  title = {Modern Cosmology},
  author = {Dodelson, Scott},
  year = {2003},
  edition = {Nachdr.},
  publisher = {Academic Press},
  address = {Amsterdam},
  isbn = {978-0-12-219141-1},
  langid = {english}
}
% == BibTeX quality report for dodelsonModernCosmology2003:
% ? unused Library catalog ("K10plus ISBN")
% ? unused Number of pages ("440")

@book{dodelsonModernCosmology2021,
  title = {Modern Cosmology},
  author = {Dodelson, Scott and Schmidt, Fabian},
  year = {2021},
  edition = {Second edition},
  publisher = {Academic Press, an imprint of Elsevier},
  address = {London San Diego, CA Cambridge, MA Oxford},
  isbn = {978-0-12-815948-4},
  langid = {english}
}
% == BibTeX quality report for dodelsonModernCosmology2021:
% ? unused Library catalog ("K10plus ISBN")
% ? unused Number of pages ("494")

@article{fixsenCosmicMicrowaveBackground1996,
  title = {The {{Cosmic Microwave Background Spectrum}} from the {{Full COBE}}/{{FIRAS Data Set}}},
  author = {Fixsen, D. J. and Cheng, E. S. and Gales, J. M. and Mather, J. C. and Shafer, R. A. and Wright, E. L.},
  year = {1996},
  month = dec,
  journal = {ApJ},
  volume = {473},
  number = {2},
  eprint = {astro-ph/9605054},
  pages = {576--587},
  issn = {0004-637X, 1538-4357},
  doi = {10.1086/178173},
  url = {http://arxiv.org/abs/astro-ph/9605054},
  urldate = {2025-03-17},
  archiveprefix = {arXiv},
  keywords = {Astrophysics}
}
% == BibTeX quality report for fixsenCosmicMicrowaveBackground1996:
% ? Title looks like it was stored in title-case in Zotero
% ? unused Publication title ("The Astrophysical Journal")

@article{huCompleteTreatmentCMB1998,
  title = {A {{Complete Treatment}} of {{CMB Anisotropies}} in a {{FRW Universe}}},
  author = {Hu, Wayne and Seljak, Uros and White, Martin and Zaldarriaga, Matias},
  year = {1998},
  month = mar,
  journal = {Phys. Rev. D},
  volume = {57},
  number = {6},
  eprint = {astro-ph/9709066},
  pages = {3290--3301},
  issn = {0556-2821, 1089-4918},
  doi = {10.1103/PhysRevD.57.3290},
  url = {http://arxiv.org/abs/astro-ph/9709066},
  urldate = {2025-03-17},
  archiveprefix = {arXiv},
  keywords = {Astrophysics}
}
% == BibTeX quality report for huCompleteTreatmentCMB1998:
% ? Possibly abbreviated journal title Phys. Rev. D
% ? Title looks like it was stored in title-case in Zotero
% ? unused Publication title ("Physical Review D")

@article{maCosmologicalPerturbationTheory1995,
  title = {Cosmological {{Perturbation Theory}} in the {{Synchronous}} and {{Conformal Newtonian Gauges}}},
  author = {Ma, Chung-Pei and Bertschinger, Edmund},
  year = {1995},
  month = dec,
  journal = {ApJ},
  volume = {455},
  eprint = {astro-ph/9506072},
  pages = {7},
  issn = {0004-637X, 1538-4357},
  doi = {10.1086/176550},
  url = {http://arxiv.org/abs/astro-ph/9506072},
  urldate = {2025-03-17},
  archiveprefix = {arXiv},
  keywords = {Astrophysics,High Energy Physics - Phenomenology}
}
% == BibTeX quality report for maCosmologicalPerturbationTheory1995:
% ? Title looks like it was stored in title-case in Zotero
% ? unused Publication title ("The Astrophysical Journal")

@misc{wintherCosmologyIILecture2024,
  title = {Cosmology {{II}}: {{Lecture}} Notes},
  shorttitle = {Cosmology {{II}}},
  author = {Winther, Hans A.},
  year = {2024},
  journal = {A course on the formation of the cosmic microwave background and structures in the Universe},
  url = {https://cmb.wintherscoming.no/literature.php},
  urldate = {2025-03-17},
  langid = {english},
  note = {(accessed 2025-03-17)},
  howpublished = {\url{https://cmb.wintherscoming.no/literature.php}}
}
